<?xml version="1.0" encoding="UTF-8"?><collection xmlns="http://www.loc.gov/MARC21/slim"><record><leader>00385nam--2200133-i-4500</leader><controlfield tag="001">000035837</controlfield><controlfield tag="002">20161230</controlfield><controlfield tag="005">20161230201040</controlfield><controlfield tag="008">060222s1000------------r-----000-0-eng-d</controlfield><datafield ind1=" " ind2=" " tag="100"><subfield code="a">Piesch, E</subfield></datafield><datafield ind1=" " ind2=" " tag="260"><subfield code="a">Nuclear Monitoring For Radiological Protection. A Manual Prepared By J.A.B. Gibson And E. Piesch</subfield></datafield><datafield ind1=" " ind2=" " tag="490"><subfield code="a">Technical Reports Series</subfield></datafield><datafield ind1=" " ind2=" " tag="700"><subfield code="a">Gibson, J.A.B</subfield></datafield><datafield ind1=" " ind2=" " tag="852"><subfield code="a">539.16.07</subfield></datafield></record></collection>